@ARTICLE{survey,
author={Enzweiler, M. and Gavrila, D.M.},
journal={IEEE Transactions on Pattern Analysis and Machine Intelligence},
title={Monocular Pedestrian Detection: Survey and Experiments},
year={2009},
month={Dec},
volume={31},
number={12},
pages={2179-2195},
doi={10.1109/TPAMI.2008.260},
ISSN={0162-8828},}

@INPROCEEDINGS{webimage, 
author={Schroff, F. and Criminisi, A. and Zisserman, A.}, 
booktitle={IEEE International Conference on Computer Vision}, 
title={Harvesting Image Databases from the Web}, 
year={2007}, 
month={Oct}, 
pages={1-8}, 
keywords={Bayes methods;Web sites;estimation theory;image classification;image retrieval;meta data;support vector machines;text analysis;visual databases;Bayes posterior estimator;SVM visual classifier;Web page;World Wide Web;automatic image ranking;high-quality image;image alternative tag;image database;image filename;image reranking;image title tag;meta data;object identifier;text based Web search querying;visual features;Airplanes;Animals;Bicycles;Image databases;Support vector machine classification;Support vector machines;Training data;Vehicles;Web pages;Web search}, 
doi={10.1109/ICCV.2007.4409099}, 
ISSN={1550-5499},}

@article{ostip,
 author = {Laptev, Ivan},
 title = {On Space-Time Interest Points},
 journal = {International Journal of Computer Vision},
 issue_date = {September 2005},
 volume = {64},
 number = {2-3},
 month = sep,
 year = {2005},
 issn = {0920-5691},
 pages = {107--123},
 numpages = {17},
 doi = {10.1007/s11263-005-1838-7},
 acmid = {1085605},
 publisher = {Kluwer Academic Publishers},
 address = {Hingham, MA, USA},
 keywords = {interest points, matching, scale selection, scale-space, video interpretation},
} 

@INPROCEEDINGS{orcc,
   author = {M. Everingham, L. van Gool, C. Williams, J. Winn, and A. Zisserman.},
   booktitle = {The PASCAL VOC'07 Challenge Workshop},
   title = {Overview and results of classification challenge},   
   year = {2007},
}

@ARTICLE{rtdv,
    author = {Rainer Lienhart},
    title = {Reliable Transition Detection in Videos: A Survey and Practitioner's Guide},
    journal = {International Journal of Image and Graphics},
    year = {2001},
    volume = {1},
    pages = {469--486}
}

@InProceedings{spk,
  author       = "Bosch, A. and Zisserman, A. and Munoz, X.",
  title        = "Representing Shape with a Spatial Pyramid Kernel",
  booktitle    = "ACM International Conference on Image and Video Retrieval",
  year         = "2007",
}

@INPROCEEDINGS{bbof, 
author={Lazebnik, S. and Schmid, C. and Ponce, J.}, 
booktitle={IEEE Computer Society Conference on Computer Vision and Pattern Recognition}, 
title={Beyond Bags of Features: Spatial Pyramid Matching for Recognizing Natural Scene Categories}, 
year={2006}, 
month={}, 
volume={2}, 
pages={2169-2178}, 
keywords={Histograms;Image databases;Image recognition;Image representation;Image segmentation;Layout;Object recognition;Robustness;Shape;Spatial databases}, 
doi={10.1109/CVPR.2006.68}, 
ISSN={1063-6919},}

@INPROCEEDINGS{sstf, 
author={Dollar, P. and Rabaud, V. and Cottrell, G. and Belongie, S.}, 
booktitle={Joint IEEE International Workshop on Visual Surveillance and Performance Evaluation of Tracking and Surveillance}, 
title={Behavior recognition via sparse spatio-temporal features}, 
year={2005}, 
month={Oct}, 
pages={65-72}, 
keywords={image recognition;object detection;behavior recognition;object recognition;spatio-temporal features;Computer science;Computer vision;Detectors;Mice;Object detection;Object recognition;Prototypes;Robustness;Spatiotemporal phenomena;Video sequences}, 
doi={10.1109/VSPETS.2005.1570899},}

@article{objectrepresent,
  author       = "Marcin Marsza{\l}ek and Cordelia Schmid and Hedi Harzallah and Joost van de Weijer",
  title        = "Learning Object Representations for Visual Object Class Recognition",
  month        = "oct",
  year         = "2007",
  journal         = "Visual Recognition Challange workshop",
  keywords     = "LEAR",
}

@article{bof,
 author = {Sebastiani, Fabrizio},
 title = {Machine Learning in Automated Text Categorization},
 journal = {ACM Computing Surveys},
 issue_date = {March 2002},
 volume = {34},
 number = {1},
 month = mar,
 year = {2002},
 issn = {0360-0300},
 pages = {1--47},
 numpages = {47},
 doi = {10.1145/505282.505283},
 acmid = {505283},
 publisher = {ACM},
 address = {New York, NY, USA},
 keywords = {Machine learning, text categorization, text classification},
} 

@INPROCEEDINGS{motioncate,
author={Kwan-Yee Kenneth Wong and Tae-Kyun Kim and Cipolla, R.},
booktitle={IEEE Conference on Computer Vision and Pattern Recognition},
title={Learning Motion Categories using both Semantic and Structural Information},
year={2007},
month={June},
pages={1-6},
keywords={image motion analysis;image recognition;learning (artificial intelligence);facial expressions;hand gestures;human actions;motion category recognition;motion detection;motion location;probabilistic latent semantic analysis;semantic information;structural dependencies;structural information;Humans;Image motion analysis;Information analysis;Motion analysis;Motion detection;Solid modeling;Spatiotemporal phenomena;Support vector machine classification;Support vector machines;Videos}, 
doi={10.1109/CVPR.2007.383332}, 
ISSN={1063-6919},}

@InProceedings{buffy,
   author = "Everingham, M. and Sivic, J. and Zisserman, A.",
   title = "``{H}ello! {M}y name is... {Buffy}'' -- Automatic Naming of Characters in {TV} Video",
   booktitle = "British Machine Vision Conference",
   year = "2006",
}

@INPROCEEDINGS{names,
author={Berg, T.L. and Berg, A.C. and Edwards, J. and Maire, M. and White, R. and Yee-Whye Teh and Learned-Miller, E. and Forsyth, D.A.},
booktitle={IEEE Computer Society Conference on Computer Vision and Pattern Recognition},
title={Names and faces in the news},
year={2004},
month={June},
volume={2},
pages={848-854},
keywords={entropy;face recognition;noise;pattern clustering;ambiguously labelled face images;captioned news images;discriminant coordinates;entropy measures;face clustering;face finder;face recognition datasets;noisy supervised data},
doi={10.1109/CVPR.2004.1315253},
ISSN={1063-6919},}

@INPROCEEDINGS{optimol,
    author = {Li-jia Li and Gang Wang and Li Fei-fei},
    title = {Optimol: automatic online picture collection via incremental model learning},
    booktitle = {IEEE Computer Society  Conference on Computer Vision and Pattern Recognition},
    year = {2007}
}

@article{SMO,
  title={Sequential minimal optimization: A fast algorithm for training support vector machines},
  journal={Microsoft Research Technical Report, 1998}
  author={Platt, John and others},
  year={1998},
  publisher={technical report msr-tr-98-14, Microsoft Research}
}

@article{svmorigin,
 author = {Cortes, Corinna and Vapnik, Vladimir},
 title = {Support-Vector Networks},
 journal = {Machine Learning},
 issue_date = {Sept. 1995},
 volume = {20},
 number = {3},
 month = sep,
 year = {1995},
 issn = {0885-6125},
 pages = {273--297},
 numpages = {25},
 doi = {10.1023/A:1022627411411},
 acmid = {218929},
 publisher = {Kluwer Academic Publishers},
 address = {Hingham, MA, USA},
 keywords = {efficient learning algorithms, neural networks, pattern recognition, polynomial classifiers, radial basis function classifiers},
}

@article{boosting,
 author = {Schapire, Robert E.},
 title = {The Strength of Weak Learnability},
 journal = {Machine Learning},
 issue_date = {Jun. 1990},
 volume = {5},
 number = {2},
 month = jul,
 year = {1990},
 issn = {0885-6125},
 pages = {197--227},
 numpages = {31},
 doi = {10.1023/A:1022648800760},
 acmid = {83645},
 publisher = {Kluwer Academic Publishers},
 address = {Hingham, MA, USA},
 keywords = {Machine learning, PAC learning, learnability theory, learning from examples, polynomial-time identification},
}

@article{pac,
 author = {Valiant, L. G.},
 title = {A Theory of the Learnable},
 journal = {Communications of the ACM},
 issue_date = {Nov. 1984},
 volume = {27},
 number = {11},
 month = nov,
 year = {1984},
 issn = {0001-0782},
 pages = {1134--1142},
 numpages = {9},
 doi = {10.1145/1968.1972},
 acmid = {1972},
 publisher = {ACM},
 address = {New York, NY, USA},
 keywords = {inductive inference, probabilistic models of learning, propositional expressions},
}

@INPROCEEDINGS{haarextend,
author={Lienhart, R. and Maydt, J.},
booktitle={International Conference on Image},
title={An extended set of Haar-like features for rapid object detection},
year={2002},
month={},
volume={1},
pages={900-903},
keywords={Haar transforms;face recognition;feature extraction;image classification;object detection;Haar-like features;boosted cascade;false alarm rate;feature classifiers;hit rate;multi-stage classification;post optimization procedure;rapid object detection;sample face detector;Chromium;Detectors;Face detection;Humans;Object detection;Prototypes;Table lookup;Testing},
doi={10.1109/ICIP.2002.1038171},
ISSN={1522-4880},}

@INPROCEEDINGS{haarorigin1,
author={Papageorgiou, C.P. and Oren, M. and Poggio, T.},
booktitle={Sixth International Conference on Computer Vision},
title={A general framework for object detection},
year={1998},
month={Jan},
pages={555-562},
keywords={learning (artificial intelligence);object detection;object recognition;cluttered scenes;object detection;static images;trainable framework;unconstrained environments;wavelet representation;Detection algorithms;Dictionaries;Face detection;Layout;Machine learning;Object detection;Statistical analysis;Support vector machine classification;Support vector machines;Wavelet analysis},
doi={10.1109/ICCV.1998.710772},}

@article{summedarea,
 author = {Crow, Franklin C.},
 title = {Summed-area Tables for Texture Mapping},
 journal = {Special Interest Group on GRAPHics and Interactive Techniques},
 issue_date = {July 1984},
 volume = {18},
 number = {3},
 month = jan,
 year = {1984},
 issn = {0097-8930},
 pages = {207--212},
 numpages = {6},
 doi = {10.1145/964965.808600},
 acmid = {808600},
 publisher = {ACM},
 address = {New York, NY, USA},
 keywords = {Antialiasing, Shading algorithms, Table lookup algorithms, texture mapping},
}

@INPROCEEDINGS{haarorigin,
author={Viola, P. and Jones, M.},
booktitle={IEEE Computer Society Conference on Computer Vision and Pattern Recognition},
title={Rapid object detection using a boosted cascade of simple features},
year={2001},
month={},
volume={1},
pages={511-518},
keywords={feature extraction;image classification;image representation;learning (artificial intelligence);object detection;AdaBoost;background regions;boosted simple feature cascade;classifiers;face detection;image processing;image representation;integral image;machine learning;object specific focus-of-attention mechanism;rapid object detection;real-time applications;statistical guarantees;visual object detection;Detectors;Face detection;Filters;Focusing;Image representation;Machine learning;Object detection;Pixel;Robustness;Skin},
doi={10.1109/CVPR.2001.990517},
ISSN={1063-6919},}

@article{adaboost,
 author = {Freund, Yoav and Schapire, Robert E.},
 title = {A Decision-theoretic Generalization of On-line Learning and an Application to Boosting},
 journal = {Journal of Computer and System Sciences},
 issue_date = {Aug. 1997},
 volume = {55},
 number = {1},
 month = aug,
 year = {1997},
 issn = {0022-0000},
 pages = {119--139},
 numpages = {21},
 doi = {10.1006/jcss.1997.1504},
 acmid = {261549},
 publisher = {Academic Press, Inc.},
 address = {Orlando, FL, USA},
}

@article{sift,
 author = {Lowe, David G.},
 title = {Distinctive Image Features from Scale-Invariant Keypoints},
 journal = {International Journal of Computer Vision},
 issue_date = {November 2004},
 volume = {60},
 number = {2},
 month = nov,
 year = {2004},
 issn = {0920-5691},
 pages = {91--110},
 numpages = {20},
 doi = {10.1023/B:VISI.0000029664.99615.94},
 acmid = {996342},
 publisher = {Kluwer Academic Publishers},
 address = {Hingham, MA, USA},
 keywords = {image matching, invariant features, object recognition, scale invariance},
}

@ARTICLE{nnlrf,
author={Wöhler, C. and Anlauf, J.K.},
journal={IEEE Transactions on Neural Networks},
title={An adaptable time-delay neural-network algorithm for image sequence analysis},
year={1999},
month={Nov},
volume={10},
number={6},
pages={1531-1536},
keywords={delays;image sequences;learning (artificial intelligence);neural nets;adaptable time-delay neural-network algorithm;image sequence analysis;spatio-temporal receptive fields;temporal size;training process;Backpropagation algorithms;Delay effects;Gray-scale;Image sequence analysis;Image sequences;Motion estimation;Neural networks;Neurons;Shape;Vehicle detection},
doi={10.1109/72.809100},
ISSN={1045-9227},}

@INPROCEEDINGS{classificationmethods,
author={Ulusoy, I. and Bishop, C.M.},
booktitle={IEEE Computer Society  Conference on Computer Vision and Pattern Recognition},
title={Generative versus discriminative methods for object recognition},
year={2005},
month={June},
volume={2},
pages={258-265},
keywords={feature extraction;image classification;learning (artificial intelligence);object recognition;probability;discriminative method;generative method;image feature;object classification;object recognition;probability theory;weakly labelled training data;Animals;Character generation;Computer vision;Context modeling;Large-scale systems;Machine learning;Object detection;Object recognition;Predictive models;Training data},
doi={10.1109/CVPR.2005.167},
ISSN={1063-6919},}

@article{haar,
  title={Detecting pedestrians using patterns of motion and appearance},
  author={Viola, Paul and Jones, Michael J and Snow, Daniel},
  journal={International Journal of Computer Vision},
  volume={63},
  number={2},
  pages={153--161},
  year={2005},
  publisher={Springer}
}

@INPROCEEDINGS{kth,
author={Schuldt, C. and Laptev, I. and Caputo, B.},
booktitle={International Conference on Pattern Recognition},
title={Recognizing human actions: a local SVM approach},
year={2004},
month={Aug},
volume={3},
pages={32-36},
keywords={feature extraction;pattern classification;support vector machines;video databases;video signal processing;SVM classification;human action recognition;local space time features;motion pattern recognition;video database;video representations;Cameras;Computer vision;Frequency;Humans;Image recognition;Pattern recognition;Performance evaluation;Spatial databases;Support vector machine classification;Support vector machines},
doi={10.1109/ICPR.2004.1334462},
ISSN={1051-4651},}

@inproceedings{DT2005,
  title={Histograms of oriented gradients for human detection},
  author={Dalal, Navneet and Triggs, Bill},
  booktitle={IEEE Computer Society Conference on Computer Vision and Pattern Recognition},
  pages={886--893},
  year={2005},
  organization={IEEE}
}

@INPROCEEDINGS{stip,
author={Laptev, I. and Marszalek, M. and Schmid, C. and Rozenfeld, B.},
booktitle={IEEE Computer Society  Conference on Computer Vision and Pattern Recognition},
title={Learning realistic human actions from movies},
year={2008},
month={June},
pages={1-8},
keywords={cinematography;image classification;image retrieval;learning (artificial intelligence);support vector machines;video signal processing;automatic video annotation;human action retrieval;local space-time feature;movie script;multichannel nonlinear SVM;space-time pyramid;text-based classifier;video action classification;video realistic human action recognition;visual learning;Cameras;Clothing;Humans;Image recognition;Layout;Motion pictures;Object recognition;Robustness;Text categorization;Video sharing},
doi={10.1109/CVPR.2008.4587756},
ISSN={1063-6919},}

@INPROCEEDINGS{boostedHOG,
    author = {Ivan Laptev},
    title = {Improvements of object detection using boosted histograms},
    booktitle = {British Machine Vision Conference},
    year = {2006},
    pages = {949--958},
}

%%%%%%%
%Books%
%%%%%%%

@book{nsl,
 author = {Vapnik, Vladimir N.},
 title = {The Nature of Statistical Learning Theory},
 year = {1995},
 isbn = {0-387-94559-8},
 publisher = {Springer-Verlag},
}

@book{PRML,
  added-at = {2009-06-02T09:46:22.000+0200},
  asin = {0387310738},
  author = {Bishop, Christopher M.},
  description = {Amazon.com: Pattern Recognition and Machine Learning (Information Science and Statistics): Christopher M. Bishop: Books},
  dewey = {006.4},
  ean = {9780387310732},
  interhash = {f6fec2ccd82dec0dcd63825e301662cf},
  intrahash = {d21de30a3a67c0f9f3c96bd6eec3267a},
  isbn = {0387310738},
  keywords = {algorithms machinelearning patternrecognition statistics},
  publisher = {Springer},
  timestamp = {2009-06-02T09:46:22.000+0200},
  title = {Pattern Recognition and Machine Learning},
  year = 2007
}

@book{introSVM,
 author = {Cristianini, Nello and Shawe-Taylor, John},
 title = {An Introduction to Support Vector Machines: And Other Kernel-based Learning Methods},
 year = {2000},
 isbn = {0-521-78019-5},
 publisher = {Cambridge University Press},
}

@book{opencvbook,
  title={OpenCV 2 Computer Vision Application Programming Cookbook},
  author={Lagani{\`e}re, R.},
  year={2011},
  isbn={1849513244},
  publisher={Packt Pub Limited},
  tag = {opencv}
}

%%%%%%
%Docs%
%%%%%%

@ARTICLE{opencvdoc,
  AUTHOR =       {OpencvDevTeam},
  TITLE =        {Opencv Documentation},
  YEAR =         {2014},
  TypeofLit =    {DB/OL},
  url =          {http://docs.opencv.org/},
  language =     {English},
}



%%%%%%%
%tools%
%%%%%%%

@ARTICLE{opencv,
  AUTHOR =       {OpencvDevTeam},
  TITLE =        {Open Computer Vision Library},
  YEAR =         {2014},
  TypeofLit =    {DB/OL},
  url =          {http://opencv.org/},
  language =     {English},
}

@ARTICLE{SVMLight,
  AUTHOR =       {Thorsten Joachims},
  TITLE =        {SVMLight},
  YEAR =         {2014},
  TypeofLit =    {DB/OL},
  url =          {http://svmlight.joachims.org/},
  language =     {English},
}
