@INPROCEEDINGS{1, 
author={Berg, T.L. and Berg, A.C. and Edwards, J. and Maire, M. and White, R. and Yee-Whye Teh and Learned-Miller, E. and Forsyth, D.A.}, 
booktitle={Computer Vision and Pattern Recognition, 2004. CVPR 2004. Proceedings of the 2004 IEEE Computer Society Conference on}, 
title={Names and faces in the news}, 
year={2004}, 
month={June}, 
volume={2}, 
pages={II-848-II-854 Vol.2}, 
keywords={entropy;face recognition;noise;pattern clustering;ambiguously labelled face images;captioned news images;discriminant coordinates;entropy measures;face clustering;face finder;face recognition datasets;noisy supervised data}, 
doi={10.1109/CVPR.2004.1315253}, 
ISSN={1063-6919},}

@InProceedings{2,
  author       = "Bosch, A. and Zisserman, A. and Munoz, X.",
  title        = "Representing Shape with a Spatial Pyramid Kernel",
  booktitle    = "ACM International Conference on Image and Video Retrieval",
  year         = "2007",
}

@INPROCEEDINGS{3, 
author={Dollar, P. and Rabaud, V. and Cottrell, G. and Belongie, S.}, 
booktitle={Visual Surveillance and Performance Evaluation of Tracking and Surveillance, 2005. 2nd Joint IEEE International Workshop on}, 
title={Behavior recognition via sparse spatio-temporal features}, 
year={2005}, 
month={Oct}, 
pages={65-72}, 
keywords={image recognition;object detection;behavior recognition;object recognition;spatio-temporal features;Computer science;Computer vision;Detectors;Mice;Object detection;Object recognition;Prototypes;Robustness;Spatiotemporal phenomena;Video sequences}, 
doi={10.1109/VSPETS.2005.1570899},}

@InProceedings{4, 
   author = "Everingham, M. and Sivic, J. and Zisserman, A.", 
   title = "``{H}ello! {M}y name is... {Buffy}'' -- Automatic Naming of Characters in {TV} Video", 
   booktitle = "Proceedings of the British Machine Vision Conference", 
   year = "2006", 
} 

@InProceedings{5,
   author = "M. Everingham, L. van Gool, C. Williams, J. Winn, and A. Zisserman.",
   title = "Overview and results of classification challenge, 2007.The PASCAL VOC'07 Challenge Workshop, in conj. with ICCV. "   
}

@INPROCEEDINGS{6, 
author={Jhuang, H. and Serre, T. and Wolf, L. and Poggio, T.}, 
booktitle={Computer Vision, 2007. ICCV 2007. IEEE 11th International Conference on}, 
title={A Biologically Inspired System for Action Recognition}, 
year={2007}, 
month={Oct}, 
pages={1-8}, 
keywords={image motion analysis;image sequences;object recognition;video signal processing;action recognition;biologically inspired system;hierarchical feedforward architectures;motion processing;motion-direction sensitive units;neurobiological model;object recognition;position-invariant spatio-temporal feature detectors;video sequences;Biological system modeling;Brain modeling;Computer vision;Motion analysis;Motion detection;Object recognition;Position sensitive particle detectors;Sensor arrays;Testing;Video sequences}, 
doi={10.1109/ICCV.2007.4408988}, 
ISSN={1550-5499},}

@article{7,
 author = {Laptev, Ivan},
 title = {On Space-Time Interest Points},
 journal = {Int. J. Comput. Vision},
 issue_date = {September 2005},
 volume = {64},
 number = {2-3},
 month = sep,
 year = {2005},
 issn = {0920-5691},
 pages = {107--123},
 numpages = {17},
 url = {http://dx.doi.org/10.1007/s11263-005-1838-7},
 doi = {10.1007/s11263-005-1838-7},
 acmid = {1085605},
 publisher = {Kluwer Academic Publishers},
 address = {Hingham, MA, USA},
 keywords = {interest points, matching, scale selection, scale-space, video interpretation},
} 

@INPROCEEDINGS{8, 
author={Laptev, I. and Perez, P.}, 
booktitle={Computer Vision, 2007. ICCV 2007. IEEE 11th International Conference on}, 
title={Retrieving actions in movies}, 
year={2007}, 
month={Oct}, 
pages={1-8}, 
keywords={video retrieval;address recognition;human actions;movies;retrieving actions;Application software;Humans;Layout;Motion control;Motion pictures;Shape;Testing;Videos;Volcanoes;YouTube}, 
doi={10.1109/ICCV.2007.4409105}, 
ISSN={1550-5499},}

@INPROCEEDINGS{9, 
author={Lazebnik, S. and Schmid, C. and Ponce, J.}, 
booktitle={Computer Vision and Pattern Recognition, 2006 IEEE Computer Society Conference on}, 
title={Beyond Bags of Features: Spatial Pyramid Matching for Recognizing Natural Scene Categories}, 
year={2006}, 
month={}, 
volume={2}, 
pages={2169-2178}, 
keywords={Histograms;Image databases;Image recognition;Image representation;Image segmentation;Layout;Object recognition;Robustness;Shape;Spatial databases}, 
doi={10.1109/CVPR.2006.68}, 
ISSN={1063-6919},}

@INPROCEEDINGS{10,
    author = {Li-jia Li and Gang Wang and Li Fei-fei},
    title = {Optimol: automatic online picture collection via incremental model learning},
    booktitle = {In CVPR},
    year = {2007}
}

@ARTICLE{11,
    author = {Rainer Lienhart},
    title = {Reliable Transition Detection in Videos: A Survey and Practitionerâs Guide},
    journal = {International Journal of Image and Graphics},
    year = {2001},
    volume = {1},
    pages = {469--486}
}

@Misc{12,
  author       = "Marcin Marsza{\l}ek and Cordelia Schmid and Hedi Harzallah and Joost van de Weijer",
  title        = "Learning Object Representations for Visual Object Class Recognition",
  month        = "oct",
  year         = "2007",
  note         = "Visual Recognition Challange workshop, in conjunction with ICCV",
  keywords     = "LEAR",
  url          = "http://lear.inrialpes.fr/pubs/2007/MSHV07"
}


@article{13,
 author = {Niebles, Juan Carlos and Wang, Hongcheng and Fei-Fei, Li},
 title = {Unsupervised Learning of Human Action Categories Using Spatial-Temporal Words},
 journal = {Int. J. Comput. Vision},
 issue_date = {September 2008},
 volume = {79},
 number = {3},
 month = sep,
 year = {2008},
 issn = {0920-5691},
 pages = {299--318},
 numpages = {20},
 url = {http://dx.doi.org/10.1007/s11263-007-0122-4},
 doi = {10.1007/s11263-007-0122-4},
 acmid = {1380729},
 publisher = {Kluwer Academic Publishers},
 address = {Hingham, MA, USA},
 keywords = {Action categorization, Bag of words, Spatio-temporal interest points, Topic models, Unsupervised learning},
} 

@INPROCEEDINGS{14, 
author={Schroff, F. and Criminisi, A. and Zisserman, A.}, 
booktitle={Computer Vision, 2007. ICCV 2007. IEEE 11th International Conference on}, 
title={Harvesting Image Databases from the Web}, 
year={2007}, 
month={Oct}, 
pages={1-8}, 
keywords={Bayes methods;Web sites;estimation theory;image classification;image retrieval;meta data;support vector machines;text analysis;visual databases;Bayes posterior estimator;SVM visual classifier;Web page;World Wide Web;automatic image ranking;high-quality image;image alternative tag;image database;image filename;image reranking;image title tag;meta data;object identifier;text based Web search querying;visual features;Airplanes;Animals;Bicycles;Image databases;Support vector machine classification;Support vector machines;Training data;Vehicles;Web pages;Web search}, 
doi={10.1109/ICCV.2007.4409099}, 
ISSN={1550-5499},}

@INPROCEEDINGS{15, 
author={Schuldt, C. and Laptev, I. and Caputo, B.}, 
booktitle={Pattern Recognition, 2004. ICPR 2004. Proceedings of the 17th International Conference on}, 
title={Recognizing human actions: a local SVM approach}, 
year={2004}, 
month={Aug}, 
volume={3}, 
pages={32-36 Vol.3}, 
keywords={feature extraction;pattern classification;support vector machines;video databases;video signal processing;SVM classification;human action recognition;local space time features;motion pattern recognition;video database;video representations;Cameras;Computer vision;Frequency;Humans;Image recognition;Pattern recognition;Performance evaluation;Spatial databases;Support vector machine classification;Support vector machines}, 
doi={10.1109/ICPR.2004.1334462}, 
ISSN={1051-4651},}

@article{16,
 author = {Sebastiani, Fabrizio},
 title = {Machine Learning in Automated Text Categorization},
 journal = {ACM Comput. Surv.},
 issue_date = {March 2002},
 volume = {34},
 number = {1},
 month = mar,
 year = {2002},
 issn = {0360-0300},
 pages = {1--47},
 numpages = {47},
 url = {http://doi.acm.org/10.1145/505282.505283},
 doi = {10.1145/505282.505283},
 acmid = {505283},
 publisher = {ACM},
 address = {New York, NY, USA},
 keywords = {Machine learning, text categorization, text classification},
} 

@INPROCEEDINGS{17,
    author = {Jutta Willamowski and Damian Arregui and Gabriella Csurka and Christopher R. Dance and Lixin Fan},
    title = {Categorizing Nine Visual Classes Using Local Appearance Descriptors},
    booktitle = {In ICPR Workshop on Learning for Adaptable Visual Systems},
    year = {2004}
}

@INPROCEEDINGS{18, 
author={Kwan-Yee Kenneth Wong and Cipolla, R.}, 
booktitle={Computer Vision, 2007. ICCV 2007. IEEE 11th International Conference on}, 
title={Extracting Spatiotemporal Interest Points using Global Information}, 
year={2007}, 
month={Oct}, 
pages={1-8}, 
keywords={feature extraction;filtering theory;image recognition;motion estimation;video signal processing;coefficient vectors;entropy computation;global information;local filtering;local spatiotemporal feature extraction;motion recognition;subspace images;video frame synthesis;video inputs;Boosting;Data mining;Detectors;Entropy;Feature extraction;Filtering;Information analysis;Motion analysis;Motion detection;Spatiotemporal phenomena}, 
doi={10.1109/ICCV.2007.4408923}, 
ISSN={1550-5499},}

@INPROCEEDINGS{19, 
author={Kwan-Yee Kenneth Wong and Tae-Kyun Kim and Cipolla, R.}, 
booktitle={Computer Vision and Pattern Recognition, 2007. CVPR '07. IEEE Conference on}, 
title={Learning Motion Categories using both Semantic and Structural Information}, 
year={2007}, 
month={June}, 
pages={1-6}, 
keywords={image motion analysis;image recognition;learning (artificial intelligence);facial expressions;hand gestures;human actions;motion category recognition;motion detection;motion location;probabilistic latent semantic analysis;semantic information;structural dependencies;structural information;Humans;Image motion analysis;Information analysis;Motion analysis;Motion detection;Solid modeling;Spatiotemporal phenomena;Support vector machine classification;Support vector machines;Videos}, 
doi={10.1109/CVPR.2007.383332}, 
ISSN={1063-6919},}

@INPROCEEDINGS{20, 
author={Jianguo Zhang and Marszalek, M. and Lazebnik, S. and Schmid, C.}, 
booktitle={Computer Vision and Pattern Recognition Workshop, 2006. CVPRW '06. Conference on}, 
title={Local Features and Kernels for Classification of Texture and Object Categories: A Comprehensive Study}, 
year={2006}, 
month={June}, 
pages={13-13}, 
keywords={Databases;Detectors;Earth;Feature extraction;Histograms;Kernel;Large-scale systems;Object recognition;Support vector machine classification;Support vector machines}, 
doi={10.1109/CVPRW.2006.121},}

@MISC{21,
    author = {Tong Zhang},
    title = {Large Margin Winnow Methods for Text Categorization},
    year = {2000}
}
